%YAML 1.1
%TAG !u! tag:unity3d.com,2011:
--- !u!1 &3841421138914204547
GameObject:
  m_ObjectHideFlags: 0
  m_CorrespondingSourceObject: {fileID: 0}
  m_PrefabInstance: {fileID: 0}
  m_PrefabAsset: {fileID: 0}
  serializedVersion: 6
  m_Component:
  - component: {fileID: 3841421138914690979}
  m_Layer: 0
  m_Name: wrist_r
  m_TagString: Untagged
  m_Icon: {fileID: 0}
  m_NavMeshLayer: 0
  m_StaticEditorFlags: 0
  m_IsActive: 1
--- !u!4 &3841421138914690979
Transform:
  m_ObjectHideFlags: 0
  m_CorrespondingSourceObject: {fileID: 0}
  m_PrefabInstance: {fileID: 0}
  m_PrefabAsset: {fileID: 0}
  m_GameObject: {fileID: 3841421138914204547}
  m_LocalRotation: {x: 6.1232336e-17, y: -3.7493998e-33, z: 6.1232336e-17, w: 1}
  m_LocalPosition: {x: 0.0000015978733, y: -0.00000031924498, z: -0.0000062570866}
  m_LocalScale: {x: 1, y: 1, z: 1}
  m_Children:
  - {fileID: 3841421138914691051}
  - {fileID: 3841421138914691063}
  - {fileID: 3841421138914691011}
  - {fileID: 3841421138914691023}
  - {fileID: 3841421138914691025}
  m_Father: {fileID: 3841421138914691039}
  m_RootOrder: 6
  m_LocalEulerAnglesHint: {x: 0, y: 0, z: 0}
--- !u!1 &3841421138914204577
GameObject:
  m_ObjectHideFlags: 0
  m_CorrespondingSourceObject: {fileID: 0}
  m_PrefabInstance: {fileID: 0}
  m_PrefabAsset: {fileID: 0}
  serializedVersion: 6
  m_Component:
  - component: {fileID: 3841421138914691009}
  m_Layer: 0
  m_Name: finger_pinky_r_aux
  m_TagString: Untagged
  m_Icon: {fileID: 0}
  m_NavMeshLayer: 0
  m_StaticEditorFlags: 0
  m_IsActive: 1
--- !u!4 &3841421138914691009
Transform:
  m_ObjectHideFlags: 0
  m_CorrespondingSourceObject: {fileID: 0}
  m_PrefabInstance: {fileID: 0}
  m_PrefabAsset: {fileID: 0}
  m_GameObject: {fileID: 3841421138914204577}
  m_LocalRotation: {x: 0.34899986, y: 0.5114209, z: 0.7390305, w: -0.26548386}
  m_LocalPosition: {x: -0.00016008035, y: -0.00045651922, z: 0.0011928007}
  m_LocalScale: {x: 1, y: 1, z: 1}
  m_Children: []
  m_Father: {fileID: 3841421138914691039}
  m_RootOrder: 3
  m_LocalEulerAnglesHint: {x: 0, y: 0, z: 0}
--- !u!1 &3841421138914204579
GameObject:
  m_ObjectHideFlags: 0
  m_CorrespondingSourceObject: {fileID: 0}
  m_PrefabInstance: {fileID: 0}
  m_PrefabAsset: {fileID: 0}
  serializedVersion: 6
  m_Component:
  - component: {fileID: 3841421138914691011}
  m_Layer: 0
  m_Name: finger_pinky_meta_r
  m_TagString: Untagged
  m_Icon: {fileID: 0}
  m_NavMeshLayer: 0
  m_StaticEditorFlags: 0
  m_IsActive: 1
--- !u!4 &3841421138914691011
Transform:
  m_ObjectHideFlags: 0
  m_CorrespondingSourceObject: {fileID: 0}
  m_PrefabInstance: {fileID: 0}
  m_PrefabAsset: {fileID: 0}
  m_GameObject: {fileID: 3841421138914204579}
  m_LocalRotation: {x: -0.4857576, y: -0.34674636, z: -0.6150161, w: 0.51532686}
  m_LocalPosition: {x: -0.000024781508, y: -0.00018981368, z: 0.00015213584}
  m_LocalScale: {x: 1, y: 1, z: 1}
  m_Children:
  - {fileID: 3841421138914691065}
  m_Father: {fileID: 3841421138914690979}
  m_RootOrder: 2
  m_LocalEulerAnglesHint: {x: 0, y: 0, z: 0}
--- !u!1 &3841421138914204581
GameObject:
  m_ObjectHideFlags: 0
  m_CorrespondingSourceObject: {fileID: 0}
  m_PrefabInstance: {fileID: 0}
  m_PrefabAsset: {fileID: 0}
  serializedVersion: 6
  m_Component:
  - component: {fileID: 3841421138914691013}
  m_Layer: 0
  m_Name: finger_ring_0_r
  m_TagString: Untagged
  m_Icon: {fileID: 0}
  m_NavMeshLayer: 0
  m_StaticEditorFlags: 0
  m_IsActive: 1
--- !u!4 &3841421138914691013
Transform:
  m_ObjectHideFlags: 0
  m_CorrespondingSourceObject: {fileID: 0}
  m_PrefabInstance: {fileID: 0}
  m_PrefabAsset: {fileID: 0}
  m_GameObject: {fileID: 3841421138914204581}
  m_LocalRotation: {x: 0.0003503414, y: 0.04096535, z: -0.190494, w: 0.98083323}
  m_LocalPosition: {x: 0.0006597489, y: -9.7402565e-11, z: 4.8794222e-11}
  m_LocalScale: {x: 1, y: 1, z: 1}
  m_Children:
  - {fileID: 3841421138914691019}
  m_Father: {fileID: 3841421138914691023}
  m_RootOrder: 0
  m_LocalEulerAnglesHint: {x: 0, y: 0, z: 0}
--- !u!1 &3841421138914204583
GameObject:
  m_ObjectHideFlags: 0
  m_CorrespondingSourceObject: {fileID: 0}
  m_PrefabInstance: {fileID: 0}
  m_PrefabAsset: {fileID: 0}
  serializedVersion: 6
  m_Component:
  - component: {fileID: 3841421138914691015}
  m_Layer: 0
  m_Name: finger_pinky_r_end
  m_TagString: Untagged
  m_Icon: {fileID: 0}
  m_NavMeshLayer: 0
  m_StaticEditorFlags: 0
  m_IsActive: 1
--- !u!4 &3841421138914691015
Transform:
  m_ObjectHideFlags: 0
  m_CorrespondingSourceObject: {fileID: 0}
  m_PrefabInstance: {fileID: 0}
  m_PrefabAsset: {fileID: 0}
  m_GameObject: {fileID: 3841421138914204583}
  m_LocalRotation: {x: 0, y: 5.551115e-17, z: -0, w: 1}
  m_LocalPosition: {x: 0.0001801794, y: -2.0001201e-10, z: 6.597459e-10}
  m_LocalScale: {x: 1, y: 1, z: 1}
  m_Children: []
  m_Father: {fileID: 3841421138914691069}
  m_RootOrder: 0
  m_LocalEulerAnglesHint: {x: 0, y: 0, z: 0}
--- !u!1 &3841421138914204585
GameObject:
  m_ObjectHideFlags: 0
  m_CorrespondingSourceObject: {fileID: 0}
  m_PrefabInstance: {fileID: 0}
  m_PrefabAsset: {fileID: 0}
  serializedVersion: 6
  m_Component:
  - component: {fileID: 3841421138914691017}
  m_Layer: 0
  m_Name: finger_ring_2_r
  m_TagString: Untagged
  m_Icon: {fileID: 0}
  m_NavMeshLayer: 0
  m_StaticEditorFlags: 0
  m_IsActive: 1
--- !u!4 &3841421138914691017
Transform:
  m_ObjectHideFlags: 0
  m_CorrespondingSourceObject: {fileID: 0}
  m_PrefabInstance: {fileID: 0}
  m_PrefabAsset: {fileID: 0}
  m_GameObject: {fileID: 3841421138914204585}
  m_LocalRotation: {x: -0.014667855, y: 0.019258691, z: -0.04880188, w: 0.99851507}
  m_LocalPosition: {x: 0.0002848878, y: 3.4877344e-11, z: 7.3397033e-10}
  m_LocalScale: {x: 1, y: 1, z: 1}
  m_Children:
  - {fileID: 3841421138914691027}
  m_Father: {fileID: 3841421138914691019}
  m_RootOrder: 0
  m_LocalEulerAnglesHint: {x: 0, y: 0, z: 0}
--- !u!1 &3841421138914204587
GameObject:
  m_ObjectHideFlags: 0
  m_CorrespondingSourceObject: {fileID: 0}
  m_PrefabInstance: {fileID: 0}
  m_PrefabAsset: {fileID: 0}
  serializedVersion: 6
  m_Component:
  - component: {fileID: 3841421138914691019}
  m_Layer: 0
  m_Name: finger_ring_1_r
  m_TagString: Untagged
  m_Icon: {fileID: 0}
  m_NavMeshLayer: 0
  m_StaticEditorFlags: 0
  m_IsActive: 1
--- !u!4 &3841421138914691019
Transform:
  m_ObjectHideFlags: 0
  m_CorrespondingSourceObject: {fileID: 0}
  m_PrefabInstance: {fileID: 0}
  m_PrefabAsset: {fileID: 0}
  m_GameObject: {fileID: 3841421138914204587}
  m_LocalRotation: {x: -0.008893875, y: -0.028810496, z: -0.03312633, w: 0.99899626}
  m_LocalPosition: {x: 0.00040331203, y: -9.808473e-12, z: -9.096778e-12}
  m_LocalScale: {x: 1, y: 1, z: 1}
  m_Children:
  - {fileID: 3841421138914691017}
  m_Father: {fileID: 3841421138914691013}
  m_RootOrder: 0
  m_LocalEulerAnglesHint: {x: 0, y: 0, z: 0}
--- !u!1 &3841421138914204589
GameObject:
  m_ObjectHideFlags: 0
  m_CorrespondingSourceObject: {fileID: 0}
  m_PrefabInstance: {fileID: 0}
  m_PrefabAsset: {fileID: 0}
  serializedVersion: 6
  m_Component:
  - component: {fileID: 3841421138914691021}
  m_Layer: 0
  m_Name: finger_ring_r_aux
  m_TagString: Untagged
  m_Icon: {fileID: 0}
  m_NavMeshLayer: 0
  m_StaticEditorFlags: 0
  m_IsActive: 1
--- !u!4 &3841421138914691021
Transform:
  m_ObjectHideFlags: 0
  m_CorrespondingSourceObject: {fileID: 0}
  m_PrefabInstance: {fileID: 0}
  m_PrefabAsset: {fileID: 0}
  m_GameObject: {fileID: 3841421138914204589}
  m_LocalRotation: {x: 0.23741451, y: 0.5950274, z: 0.7216289, w: -0.26235196}
  m_LocalPosition: {x: -0.00017869227, y: -0.00023237693, z: 0.0014223532}
  m_LocalScale: {x: 1, y: 1, z: 1}
  m_Children: []
  m_Father: {fileID: 3841421138914691039}
  m_RootOrder: 4
  m_LocalEulerAnglesHint: {x: 0, y: 0, z: 0}
--- !u!1 &3841421138914204591
GameObject:
  m_ObjectHideFlags: 0
  m_CorrespondingSourceObject: {fileID: 0}
  m_PrefabInstance: {fileID: 0}
  m_PrefabAsset: {fileID: 0}
  serializedVersion: 6
  m_Component:
  - component: {fileID: 3841421138914691023}
  m_Layer: 0
  m_Name: finger_ring_meta_r
  m_TagString: Untagged
  m_Icon: {fileID: 0}
  m_NavMeshLayer: 0
  m_StaticEditorFlags: 0
  m_IsActive: 1
--- !u!4 &3841421138914691023
Transform:
  m_ObjectHideFlags: 0
  m_CorrespondingSourceObject: {fileID: 0}
  m_PrefabInstance: {fileID: 0}
  m_PrefabAsset: {fileID: 0}
  m_GameObject: {fileID: 3841421138914204591}
  m_LocalRotation: {x: -0.53211725, y: -0.41064057, z: -0.4750289, w: 0.5679552}
  m_LocalPosition: {x: 0.0000051343554, y: -0.000065451226, z: 0.00016347693}
  m_LocalScale: {x: 1, y: 1, z: 1}
  m_Children:
  - {fileID: 3841421138914691013}
  m_Father: {fileID: 3841421138914690979}
  m_RootOrder: 3
  m_LocalEulerAnglesHint: {x: 0, y: 0, z: 0}
--- !u!1 &3841421138914204593
GameObject:
  m_ObjectHideFlags: 0
  m_CorrespondingSourceObject: {fileID: 0}
  m_PrefabInstance: {fileID: 0}
  m_PrefabAsset: {fileID: 0}
  serializedVersion: 6
  m_Component:
  - component: {fileID: 3841421138914691025}
  m_Layer: 0
  m_Name: finger_thumb_0_r
  m_TagString: Untagged
  m_Icon: {fileID: 0}
  m_NavMeshLayer: 0
  m_StaticEditorFlags: 0
  m_IsActive: 1
--- !u!4 &3841421138914691025
Transform:
  m_ObjectHideFlags: 0
  m_CorrespondingSourceObject: {fileID: 0}
  m_PrefabInstance: {fileID: 0}
  m_PrefabAsset: {fileID: 0}
  m_GameObject: {fileID: 3841421138914204593}
  m_LocalRotation: {x: -0.27638677, y: -0.77303576, z: 0.1820292, w: 0.54119444}
  m_LocalPosition: {x: -0.00017913787, y: 0.00029178173, z: 0.000252984}
  m_LocalScale: {x: 1, y: 1, z: 1}
  m_Children:
  - {fileID: 3841421138914691031}
  m_Father: {fileID: 3841421138914690979}
  m_RootOrder: 4
  m_LocalEulerAnglesHint: {x: 0, y: 0, z: 0}
--- !u!1 &3841421138914204595
GameObject:
  m_ObjectHideFlags: 0
  m_CorrespondingSourceObject: {fileID: 0}
  m_PrefabInstance: {fileID: 0}
  m_PrefabAsset: {fileID: 0}
  serializedVersion: 6
  m_Component:
  - component: {fileID: 3841421138914691027}
  m_Layer: 0
  m_Name: finger_ring_r_end
  m_TagString: Untagged
  m_Icon: {fileID: 0}
  m_NavMeshLayer: 0
  m_StaticEditorFlags: 0
  m_IsActive: 1
--- !u!4 &3841421138914691027
Transform:
  m_ObjectHideFlags: 0
  m_CorrespondingSourceObject: {fileID: 0}
  m_PrefabInstance: {fileID: 0}
  m_PrefabAsset: {fileID: 0}
  m_GameObject: {fileID: 3841421138914204595}
  m_LocalRotation: {x: 2.3111161e-33, y: 8.326673e-17, z: -2.7755576e-17, w: 1}
  m_LocalPosition: {x: 0.00022430235, y: 0.0000000010846127, z: -1.7428561e-10}
  m_LocalScale: {x: 1, y: 1, z: 1}
  m_Children: []
  m_Father: {fileID: 3841421138914691017}
  m_RootOrder: 0
  m_LocalEulerAnglesHint: {x: 0, y: 0, z: 0}
--- !u!1 &3841421138914204597
GameObject:
  m_ObjectHideFlags: 0
  m_CorrespondingSourceObject: {fileID: 0}
  m_PrefabInstance: {fileID: 0}
  m_PrefabAsset: {fileID: 0}
  serializedVersion: 6
  m_Component:
  - component: {fileID: 3841421138914691029}
  m_Layer: 0
  m_Name: finger_thumb_2_r
  m_TagString: Untagged
  m_Icon: {fileID: 0}
  m_NavMeshLayer: 0
  m_StaticEditorFlags: 0
  m_IsActive: 1
--- !u!4 &3841421138914691029
Transform:
  m_ObjectHideFlags: 0
  m_CorrespondingSourceObject: {fileID: 0}
  m_PrefabInstance: {fileID: 0}
  m_PrefabAsset: {fileID: 0}
  m_GameObject: {fileID: 3841421138914204597}
  m_LocalRotation: {x: 0.00009757274, y: -0.0014028269, z: -0.15333512, w: 0.98817325}
  m_LocalPosition: {x: 0.00032516793, y: -5.1137583e-10, z: -1.2933195e-10}
  m_LocalScale: {x: 1, y: 1, z: 1}
  m_Children:
  - {fileID: 3841421138914691033}
  m_Father: {fileID: 3841421138914691031}
  m_RootOrder: 0
  m_LocalEulerAnglesHint: {x: 0, y: 0, z: 0}
--- !u!1 &3841421138914204599
GameObject:
  m_ObjectHideFlags: 0
  m_CorrespondingSourceObject: {fileID: 0}
  m_PrefabInstance: {fileID: 0}
  m_PrefabAsset: {fileID: 0}
  serializedVersion: 6
  m_Component:
  - component: {fileID: 3841421138914691031}
  m_Layer: 0
  m_Name: finger_thumb_1_r
  m_TagString: Untagged
  m_Icon: {fileID: 0}
  m_NavMeshLayer: 0
  m_StaticEditorFlags: 0
  m_IsActive: 1
--- !u!4 &3841421138914691031
Transform:
  m_ObjectHideFlags: 0
  m_CorrespondingSourceObject: {fileID: 0}
  m_PrefabInstance: {fileID: 0}
  m_PrefabAsset: {fileID: 0}
  m_GameObject: {fileID: 3841421138914204599}
  m_LocalRotation: {x: 0.028616888, y: 0.11369435, z: -0.24470991, w: 0.9624821}
  m_LocalPosition: {x: 0.00040405962, y: -5.156155e-10, z: 4.5447193e-10}
  m_LocalScale: {x: 1, y: 1, z: 1}
  m_Children:
  - {fileID: 3841421138914691029}
  m_Father: {fileID: 3841421138914691025}
  m_RootOrder: 0
  m_LocalEulerAnglesHint: {x: 0, y: 0, z: 0}
--- !u!1 &3841421138914204601
GameObject:
  m_ObjectHideFlags: 0
  m_CorrespondingSourceObject: {fileID: 0}
  m_PrefabInstance: {fileID: 0}
  m_PrefabAsset: {fileID: 0}
  serializedVersion: 6
  m_Component:
  - component: {fileID: 3841421138914691033}
  m_Layer: 0
  m_Name: finger_thumb_r_end
  m_TagString: Untagged
  m_Icon: {fileID: 0}
  m_NavMeshLayer: 0
  m_StaticEditorFlags: 0
  m_IsActive: 1
--- !u!4 &3841421138914691033
Transform:
  m_ObjectHideFlags: 0
  m_CorrespondingSourceObject: {fileID: 0}
  m_PrefabInstance: {fileID: 0}
  m_PrefabAsset: {fileID: 0}
  m_GameObject: {fileID: 3841421138914204601}
  m_LocalRotation: {x: 0, y: -0, z: -1.7347235e-16, w: 1}
  m_LocalPosition: {x: 0.00030463902, y: 0.0000000016269207, z: 7.9283896e-10}
  m_LocalScale: {x: 1, y: 1, z: 1}
  m_Children: []
  m_Father: {fileID: 3841421138914691029}
  m_RootOrder: 0
  m_LocalEulerAnglesHint: {x: 0, y: 0, z: 0}
--- !u!1 &3841421138914204603
GameObject:
  m_ObjectHideFlags: 0
  m_CorrespondingSourceObject: {fileID: 0}
  m_PrefabInstance: {fileID: 0}
  m_PrefabAsset: {fileID: 0}
  serializedVersion: 6
  m_Component:
  - component: {fileID: 3841421138914691035}
  m_Layer: 0
  m_Name: finger_thumb_r_aux
  m_TagString: Untagged
  m_Icon: {fileID: 0}
  m_NavMeshLayer: 0
  m_StaticEditorFlags: 0
  m_IsActive: 1
--- !u!4 &3841421138914691035
Transform:
  m_ObjectHideFlags: 0
  m_CorrespondingSourceObject: {fileID: 0}
  m_PrefabInstance: {fileID: 0}
  m_PrefabAsset: {fileID: 0}
  m_GameObject: {fileID: 3841421138914204603}
  m_LocalRotation: {x: 0.048614305, y: -0.81958884, z: -0.04503728, w: 0.5691067}
  m_LocalPosition: {x: -0.0003928085, y: 0.0006008116, z: 0.00084491796}
  m_LocalScale: {x: 1, y: 1, z: 1}
  m_Children: []
  m_Father: {fileID: 3841421138914691039}
  m_RootOrder: 5
  m_LocalEulerAnglesHint: {x: 0, y: 0, z: 0}
--- !u!1 &3841421138914204605
GameObject:
  m_ObjectHideFlags: 0
  m_CorrespondingSourceObject: {fileID: 0}
  m_PrefabInstance: {fileID: 0}
  m_PrefabAsset: {fileID: 0}
  serializedVersion: 6
  m_Component:
  - component: {fileID: 3841421138914691037}
  - component: {fileID: 3841421138911090371}
  m_Layer: 0
  m_Name: vr_glove_right_slim
  m_TagString: Untagged
  m_Icon: {fileID: 0}
  m_NavMeshLayer: 0
  m_StaticEditorFlags: 0
  m_IsActive: 1
--- !u!4 &3841421138914691037
Transform:
  m_ObjectHideFlags: 0
  m_CorrespondingSourceObject: {fileID: 0}
  m_PrefabInstance: {fileID: 0}
  m_PrefabAsset: {fileID: 0}
  m_GameObject: {fileID: 3841421138914204605}
  m_LocalRotation: {x: -6.123234e-17, y: 1, z: 6.123234e-17, w: -3.7493994e-33}
  m_LocalPosition: {x: -0, y: 0, z: 0}
  m_LocalScale: {x: 100, y: 100, z: 100}
  m_Children: []
  m_Father: {fileID: 3841421138914691043}
  m_RootOrder: 1
  m_LocalEulerAnglesHint: {x: 0, y: 0, z: 0}
--- !u!137 &3841421138911090371
SkinnedMeshRenderer:
  m_ObjectHideFlags: 0
  m_CorrespondingSourceObject: {fileID: 0}
  m_PrefabInstance: {fileID: 0}
  m_PrefabAsset: {fileID: 0}
  m_GameObject: {fileID: 3841421138914204605}
  m_Enabled: 1
  m_CastShadows: 1
  m_ReceiveShadows: 1
  m_DynamicOccludee: 1
  m_MotionVectors: 1
  m_LightProbeUsage: 1
  m_ReflectionProbeUsage: 1
  m_RenderingLayerMask: 1
  m_RendererPriority: 0
  m_Materials:
  - {fileID: 2100000, guid: 4223252969eaf864c896721de700def8, type: 3}
  m_StaticBatchInfo:
    firstSubMesh: 0
    subMeshCount: 0
  m_StaticBatchRoot: {fileID: 0}
  m_ProbeAnchor: {fileID: 0}
  m_LightProbeVolumeOverride: {fileID: 0}
  m_ScaleInLightmap: 1
  m_PreserveUVs: 0
  m_IgnoreNormalsForChartDetection: 0
  m_ImportantGI: 0
  m_StitchLightmapSeams: 0
  m_SelectedEditorRenderState: 3
  m_MinimumChartSize: 4
  m_AutoUVMaxDistance: 0.5
  m_AutoUVMaxAngle: 89
  m_LightmapParameters: {fileID: 0}
  m_SortingLayerID: 0
  m_SortingLayer: 0
  m_SortingOrder: 0
  serializedVersion: 2
  m_Quality: 0
  m_UpdateWhenOffscreen: 0
  m_SkinnedMotionVectors: 1
  m_Mesh: {fileID: 4300000, guid: 4223252969eaf864c896721de700def8, type: 3}
  m_Bones:
  - {fileID: 3841421138914691039}
  - {fileID: 3841421138914690979}
  - {fileID: 3841421138914691025}
  - {fileID: 3841421138914691031}
  - {fileID: 3841421138914691029}
  - {fileID: 3841421138914691033}
  - {fileID: 3841421138914691051}
  - {fileID: 3841421138914691041}
  - {fileID: 3841421138914691047}
  - {fileID: 3841421138914691045}
  - {fileID: 3841421138914691055}
  - {fileID: 3841421138914691063}
  - {fileID: 3841421138914691053}
  - {fileID: 3841421138914691059}
  - {fileID: 3841421138914691057}
  - {fileID: 3841421138914691067}
  - {fileID: 3841421138914691023}
  - {fileID: 3841421138914691013}
  - {fileID: 3841421138914691019}
  - {fileID: 3841421138914691017}
  - {fileID: 3841421138914691027}
  - {fileID: 3841421138914691011}
  - {fileID: 3841421138914691065}
  - {fileID: 3841421138914691071}
  - {fileID: 3841421138914691069}
  - {fileID: 3841421138914691015}
  - {fileID: 3841421138914691035}
  - {fileID: 3841421138914691049}
  - {fileID: 3841421138914691061}
  - {fileID: 3841421138914691021}
  - {fileID: 3841421138914691009}
  m_BlendShapeWeights: []
  m_RootBone: {fileID: 3841421138914691039}
  m_AABB:
    m_Center: {x: -0.00007831017, y: 0.000060848484, z: 0.00081620394}
    m_Extent: {x: 0.0005274549, y: 0.0007605244, z: 0.001093139}
  m_DirtyAABB: 0
--- !u!1 &3841421138914204607
GameObject:
  m_ObjectHideFlags: 0
  m_CorrespondingSourceObject: {fileID: 0}
  m_PrefabInstance: {fileID: 0}
  m_PrefabAsset: {fileID: 0}
  serializedVersion: 6
  m_Component:
  - component: {fileID: 3841421138914691039}
  m_Layer: 0
  m_Name: Root
  m_TagString: Untagged
  m_Icon: {fileID: 0}
  m_NavMeshLayer: 0
  m_StaticEditorFlags: 0
  m_IsActive: 1
--- !u!4 &3841421138914691039
Transform:
  m_ObjectHideFlags: 0
  m_CorrespondingSourceObject: {fileID: 0}
  m_PrefabInstance: {fileID: 0}
  m_PrefabAsset: {fileID: 0}
  m_GameObject: {fileID: 3841421138914204607}
  m_LocalRotation: {x: 0.7280818, y: 0.68549025, z: -4.4658297e-17, w: -4.2055044e-17}
  m_LocalPosition: {x: -0, y: 0, z: 0}
  m_LocalScale: {x: 100, y: 100, z: 100}
  m_Children:
  - {fileID: 3841421138914691049}
  - {fileID: 3841421138914691061}
  - {fileID: 3841421138914691069}
  - {fileID: 3841421138914691009}
  - {fileID: 3841421138914691021}
  - {fileID: 3841421138914691035}
  - {fileID: 3841421138914690979}
  m_Father: {fileID: 3841421138914691043}
  m_RootOrder: 0
  m_LocalEulerAnglesHint: {x: 0, y: 0, z: 0}
--- !u!1 &3841421138914204609
GameObject:
  m_ObjectHideFlags: 0
  m_CorrespondingSourceObject: {fileID: 0}
  m_PrefabInstance: {fileID: 0}
  m_PrefabAsset: {fileID: 0}
  serializedVersion: 6
  m_Component:
  - component: {fileID: 3841421138914691041}
  m_Layer: 0
  m_Name: finger_index_0_r
  m_TagString: Untagged
  m_Icon: {fileID: 0}
  m_NavMeshLayer: 0
  m_StaticEditorFlags: 0
  m_IsActive: 1
--- !u!4 &3841421138914691041
Transform:
  m_ObjectHideFlags: 0
  m_CorrespondingSourceObject: {fileID: 0}
  m_PrefabInstance: {fileID: 0}
  m_PrefabAsset: {fileID: 0}
  m_GameObject: {fileID: 3841421138914204609}
  m_LocalRotation: {x: 0.0035897768, y: 0.052789953, z: -0.20519002, w: 0.97729087}
  m_LocalPosition: {x: 0.00073797605, y: -2.316186e-10, z: -9.14779e-10}
  m_LocalScale: {x: 1, y: 1, z: 1}
  m_Children:
  - {fileID: 3841421138914691047}
  m_Father: {fileID: 3841421138914691051}
  m_RootOrder: 0
  m_LocalEulerAnglesHint: {x: 0, y: 0, z: 0}
--- !u!1 &3841421138914204611
GameObject:
  m_ObjectHideFlags: 0
  m_CorrespondingSourceObject: {fileID: 0}
  m_PrefabInstance: {fileID: 0}
  m_PrefabAsset: {fileID: 0}
  serializedVersion: 6
  m_Component:
  - component: {fileID: 3841421138914691043}
  - component: {fileID: 3841421138906916867}
  m_Layer: 0
  m_Name: callibrationHandPrefab
  m_TagString: Untagged
  m_Icon: {fileID: 0}
  m_NavMeshLayer: 0
  m_StaticEditorFlags: 0
  m_IsActive: 1
--- !u!4 &3841421138914691043
Transform:
  m_ObjectHideFlags: 0
  m_CorrespondingSourceObject: {fileID: 0}
  m_PrefabInstance: {fileID: 0}
  m_PrefabAsset: {fileID: 0}
  m_GameObject: {fileID: 3841421138914204611}
  m_LocalRotation: {x: 0, y: 0.7071068, z: 0, w: 0.7071068}
  m_LocalPosition: {x: 0, y: 0, z: 0}
  m_LocalScale: {x: 1, y: 1, z: 1}
  m_Children:
  - {fileID: 3841421138914691039}
  - {fileID: 3841421138914691037}
  m_Father: {fileID: 0}
  m_RootOrder: 0
  m_LocalEulerAnglesHint: {x: 0, y: 90, z: 0}
--- !u!95 &3841421138906916867
Animator:
  serializedVersion: 3
  m_ObjectHideFlags: 0
  m_CorrespondingSourceObject: {fileID: 0}
  m_PrefabInstance: {fileID: 0}
  m_PrefabAsset: {fileID: 0}
  m_GameObject: {fileID: 3841421138914204611}
  m_Enabled: 1
  m_Avatar: {fileID: 9000000, guid: 4223252969eaf864c896721de700def8, type: 3}
  m_Controller: {fileID: 9100000, guid: 277f0c36203a93d4a9543f759eda1b43, type: 2}
  m_CullingMode: 1
  m_UpdateMode: 0
  m_ApplyRootMotion: 0
  m_LinearVelocityBlending: 0
  m_WarningMessage: 
  m_HasTransformHierarchy: 1
  m_AllowConstantClipSamplingOptimization: 1
  m_KeepAnimatorControllerStateOnDisable: 0
--- !u!1 &3841421138914204613
GameObject:
  m_ObjectHideFlags: 0
  m_CorrespondingSourceObject: {fileID: 0}
  m_PrefabInstance: {fileID: 0}
  m_PrefabAsset: {fileID: 0}
  serializedVersion: 6
  m_Component:
  - component: {fileID: 3841421138914691045}
  m_Layer: 0
  m_Name: finger_index_2_r
  m_TagString: Untagged
  m_Icon: {fileID: 0}
  m_NavMeshLayer: 0
  m_StaticEditorFlags: 0
  m_IsActive: 1
--- !u!4 &3841421138914691045
Transform:
  m_ObjectHideFlags: 0
  m_CorrespondingSourceObject: {fileID: 0}
  m_PrefabInstance: {fileID: 0}
  m_PrefabAsset: {fileID: 0}
  m_GameObject: {fileID: 3841421138914204613}
  m_LocalRotation: {x: 0.000031361364, y: 0.0011659226, z: -0.076457635, w: 0.99707216}
  m_LocalPosition: {x: 0.00028275192, y: -3.0480538e-10, z: -0.0000000012984884}
  m_LocalScale: {x: 1, y: 1, z: 1}
  m_Children:
  - {fileID: 3841421138914691055}
  m_Father: {fileID: 3841421138914691047}
  m_RootOrder: 0
  m_LocalEulerAnglesHint: {x: 0, y: 0, z: 0}
--- !u!1 &3841421138914204615
GameObject:
  m_ObjectHideFlags: 0
  m_CorrespondingSourceObject: {fileID: 0}
  m_PrefabInstance: {fileID: 0}
  m_PrefabAsset: {fileID: 0}
  serializedVersion: 6
  m_Component:
  - component: {fileID: 3841421138914691047}
  m_Layer: 0
  m_Name: finger_index_1_r
  m_TagString: Untagged
  m_Icon: {fileID: 0}
  m_NavMeshLayer: 0
  m_StaticEditorFlags: 0
  m_IsActive: 1
--- !u!4 &3841421138914691047
Transform:
  m_ObjectHideFlags: 0
  m_CorrespondingSourceObject: {fileID: 0}
  m_PrefabInstance: {fileID: 0}
  m_PrefabAsset: {fileID: 0}
  m_GameObject: {fileID: 3841421138914204615}
  m_LocalRotation: {x: -0.00092557137, y: -0.004956521, z: -0.018261362, w: 0.99982053}
  m_LocalPosition: {x: 0.00043286677, y: 4.3578463e-10, z: 0.0000000015154872}
  m_LocalScale: {x: 1, y: 1, z: 1}
  m_Children:
  - {fileID: 3841421138914691045}
  m_Father: {fileID: 3841421138914691041}
  m_RootOrder: 0
  m_LocalEulerAnglesHint: {x: 0, y: 0, z: 0}
--- !u!1 &3841421138914204617
GameObject:
  m_ObjectHideFlags: 0
  m_CorrespondingSourceObject: {fileID: 0}
  m_PrefabInstance: {fileID: 0}
  m_PrefabAsset: {fileID: 0}
  serializedVersion: 6
  m_Component:
  - component: {fileID: 3841421138914691049}
  m_Layer: 0
  m_Name: finger_index_r_aux
  m_TagString: Untagged
  m_Icon: {fileID: 0}
  m_NavMeshLayer: 0
  m_StaticEditorFlags: 0
  m_IsActive: 1
--- !u!4 &3841421138914691049
Transform:
  m_ObjectHideFlags: 0
  m_CorrespondingSourceObject: {fileID: 0}
  m_PrefabInstance: {fileID: 0}
  m_PrefabAsset: {fileID: 0}
  m_GameObject: {fileID: 3841421138914204617}
  m_LocalRotation: {x: 0.20955543, y: 0.7084193, z: 0.59722805, w: -0.31232557}
  m_LocalPosition: {x: -0.00018232812, y: 0.00037278314, z: 0.0014895565}
  m_LocalScale: {x: 1, y: 1, z: 1}
  m_Children: []
  m_Father: {fileID: 3841421138914691039}
  m_RootOrder: 0
  m_LocalEulerAnglesHint: {x: 0, y: 0, z: 0}
--- !u!1 &3841421138914204619
GameObject:
  m_ObjectHideFlags: 0
  m_CorrespondingSourceObject: {fileID: 0}
  m_PrefabInstance: {fileID: 0}
  m_PrefabAsset: {fileID: 0}
  serializedVersion: 6
  m_Component:
  - component: {fileID: 3841421138914691051}
  m_Layer: 0
  m_Name: finger_index_meta_r
  m_TagString: Untagged
  m_Icon: {fileID: 0}
  m_NavMeshLayer: 0
  m_StaticEditorFlags: 0
  m_IsActive: 1
--- !u!4 &3841421138914691051
Transform:
  m_ObjectHideFlags: 0
  m_CorrespondingSourceObject: {fileID: 0}
  m_PrefabInstance: {fileID: 0}
  m_PrefabAsset: {fileID: 0}
  m_GameObject: {fileID: 3841421138914204619}
  m_LocalRotation: {x: -0.5443997, y: -0.5459873, z: -0.35762608, w: 0.5269065}
  m_LocalPosition: {x: -0.000015572232, y: 0.00021073237, z: 0.00014786863}
  m_LocalScale: {x: 1, y: 1, z: 1}
  m_Children:
  - {fileID: 3841421138914691041}
  m_Father: {fileID: 3841421138914690979}
  m_RootOrder: 0
  m_LocalEulerAnglesHint: {x: 0, y: 0, z: 0}
--- !u!1 &3841421138914204621
GameObject:
  m_ObjectHideFlags: 0
  m_CorrespondingSourceObject: {fileID: 0}
  m_PrefabInstance: {fileID: 0}
  m_PrefabAsset: {fileID: 0}
  serializedVersion: 6
  m_Component:
  - component: {fileID: 3841421138914691053}
  m_Layer: 0
  m_Name: finger_middle_0_r
  m_TagString: Untagged
  m_Icon: {fileID: 0}
  m_NavMeshLayer: 0
  m_StaticEditorFlags: 0
  m_IsActive: 1
--- !u!4 &3841421138914691053
Transform:
  m_ObjectHideFlags: 0
  m_CorrespondingSourceObject: {fileID: 0}
  m_PrefabInstance: {fileID: 0}
  m_PrefabAsset: {fileID: 0}
  m_GameObject: {fileID: 3841421138914204621}
  m_LocalRotation: {x: 0.000007270552, y: 0.00018534993, z: -0.19083361, w: 0.9816224}
  m_LocalPosition: {x: 0.00070885604, y: 0.0000000010900705, z: -3.084328e-11}
  m_LocalScale: {x: 1, y: 1, z: 1}
  m_Children:
  - {fileID: 3841421138914691059}
  m_Father: {fileID: 3841421138914691063}
  m_RootOrder: 0
  m_LocalEulerAnglesHint: {x: 0, y: 0, z: 0}
--- !u!1 &3841421138914204623
GameObject:
  m_ObjectHideFlags: 0
  m_CorrespondingSourceObject: {fileID: 0}
  m_PrefabInstance: {fileID: 0}
  m_PrefabAsset: {fileID: 0}
  serializedVersion: 6
  m_Component:
  - component: {fileID: 3841421138914691055}
  m_Layer: 0
  m_Name: finger_index_r_end
  m_TagString: Untagged
  m_Icon: {fileID: 0}
  m_NavMeshLayer: 0
  m_StaticEditorFlags: 0
  m_IsActive: 1
--- !u!4 &3841421138914691055
Transform:
  m_ObjectHideFlags: 0
  m_CorrespondingSourceObject: {fileID: 0}
  m_PrefabInstance: {fileID: 0}
  m_PrefabAsset: {fileID: 0}
  m_GameObject: {fileID: 3841421138914204623}
  m_LocalRotation: {x: -2.0816682e-17, y: 4.8572257e-17, z: -1.110223e-16, w: 1}
  m_LocalPosition: {x: 0.00022821383, y: -0.0000000014365155, z: 7.651614e-10}
  m_LocalScale: {x: 1, y: 1, z: 1}
  m_Children: []
  m_Father: {fileID: 3841421138914691045}
  m_RootOrder: 0
  m_LocalEulerAnglesHint: {x: 0, y: 0, z: 0}
--- !u!1 &3841421138914204625
GameObject:
  m_ObjectHideFlags: 0
  m_CorrespondingSourceObject: {fileID: 0}
  m_PrefabInstance: {fileID: 0}
  m_PrefabAsset: {fileID: 0}
  serializedVersion: 6
  m_Component:
  - component: {fileID: 3841421138914691057}
  m_Layer: 0
  m_Name: finger_middle_2_r
  m_TagString: Untagged
  m_Icon: {fileID: 0}
  m_NavMeshLayer: 0
  m_StaticEditorFlags: 0
  m_IsActive: 1
--- !u!4 &3841421138914691057
Transform:
  m_ObjectHideFlags: 0
  m_CorrespondingSourceObject: {fileID: 0}
  m_PrefabInstance: {fileID: 0}
  m_PrefabAsset: {fileID: 0}
  m_GameObject: {fileID: 3841421138914204625}
  m_LocalRotation: {x: -0.00040404932, y: -0.0041069337, z: -0.06965583, w: 0.9975625}
  m_LocalPosition: {x: 0.0003326598, y: 3.2656022e-10, z: -1.536071e-10}
  m_LocalScale: {x: 1, y: 1, z: 1}
  m_Children:
  - {fileID: 3841421138914691067}
  m_Father: {fileID: 3841421138914691059}
  m_RootOrder: 0
  m_LocalEulerAnglesHint: {x: 0, y: 0, z: 0}
--- !u!1 &3841421138914204627
GameObject:
  m_ObjectHideFlags: 0
  m_CorrespondingSourceObject: {fileID: 0}
  m_PrefabInstance: {fileID: 0}
  m_PrefabAsset: {fileID: 0}
  serializedVersion: 6
  m_Component:
  - component: {fileID: 3841421138914691059}
  m_Layer: 0
  m_Name: finger_middle_1_r
  m_TagString: Untagged
  m_Icon: {fileID: 0}
  m_NavMeshLayer: 0
  m_StaticEditorFlags: 0
  m_IsActive: 1
--- !u!4 &3841421138914691059
Transform:
  m_ObjectHideFlags: 0
  m_CorrespondingSourceObject: {fileID: 0}
  m_PrefabInstance: {fileID: 0}
  m_PrefabAsset: {fileID: 0}
  m_GameObject: {fileID: 3841421138914204627}
  m_LocalRotation: {x: 0.0006602136, y: 0.0036298353, z: -0.0034216067, w: 0.99998736}
  m_LocalPosition: {x: 0.0004310849, y: -0.00000000129195, z: 2.156193e-10}
  m_LocalScale: {x: 1, y: 1, z: 1}
  m_Children:
  - {fileID: 3841421138914691057}
  m_Father: {fileID: 3841421138914691053}
  m_RootOrder: 0
  m_LocalEulerAnglesHint: {x: 0, y: 0, z: 0}
--- !u!1 &3841421138914204629
GameObject:
  m_ObjectHideFlags: 0
  m_CorrespondingSourceObject: {fileID: 0}
  m_PrefabInstance: {fileID: 0}
  m_PrefabAsset: {fileID: 0}
  serializedVersion: 6
  m_Component:
  - component: {fileID: 3841421138914691061}
  m_Layer: 0
  m_Name: finger_middle_r_aux
  m_TagString: Untagged
  m_Icon: {fileID: 0}
  m_NavMeshLayer: 0
  m_StaticEditorFlags: 0
  m_IsActive: 1
--- !u!4 &3841421138914691061
Transform:
  m_ObjectHideFlags: 0
  m_CorrespondingSourceObject: {fileID: 0}
  m_PrefabInstance: {fileID: 0}
  m_PrefabAsset: {fileID: 0}
  m_GameObject: {fileID: 3841421138914204629}
  m_LocalRotation: {x: 0.22114076, y: 0.67740285, z: 0.6470612, w: -0.27117142}
  m_LocalPosition: {x: -0.00012560685, y: 0.00007871133, z: 0.001546902}
  m_LocalScale: {x: 1, y: 1, z: 1}
  m_Children: []
  m_Father: {fileID: 3841421138914691039}
  m_RootOrder: 1
  m_LocalEulerAnglesHint: {x: 0, y: 0, z: 0}
--- !u!1 &3841421138914204631
GameObject:
  m_ObjectHideFlags: 0
  m_CorrespondingSourceObject: {fileID: 0}
  m_PrefabInstance: {fileID: 0}
  m_PrefabAsset: {fileID: 0}
  serializedVersion: 6
  m_Component:
  - component: {fileID: 3841421138914691063}
  m_Layer: 0
  m_Name: finger_middle_meta_r
  m_TagString: Untagged
  m_Icon: {fileID: 0}
  m_NavMeshLayer: 0
  m_StaticEditorFlags: 0
  m_IsActive: 1
--- !u!4 &3841421138914691063
Transform:
  m_ObjectHideFlags: 0
  m_CorrespondingSourceObject: {fileID: 0}
  m_PrefabInstance: {fileID: 0}
  m_PrefabAsset: {fileID: 0}
  m_GameObject: {fileID: 3841421138914204631}
  m_LocalRotation: {x: -0.52455795, y: -0.482801, z: -0.43008527, w: 0.5538673}
  m_LocalPosition: {x: 0.000021773134, y: 0.000071195434, z: 0.00016318737}
  m_LocalScale: {x: 1, y: 1, z: 1}
  m_Children:
  - {fileID: 3841421138914691053}
  m_Father: {fileID: 3841421138914690979}
  m_RootOrder: 1
  m_LocalEulerAnglesHint: {x: 0, y: 0, z: 0}
--- !u!1 &3841421138914204633
GameObject:
  m_ObjectHideFlags: 0
  m_CorrespondingSourceObject: {fileID: 0}
  m_PrefabInstance: {fileID: 0}
  m_PrefabAsset: {fileID: 0}
  serializedVersion: 6
  m_Component:
  - component: {fileID: 3841421138914691065}
  m_Layer: 0
  m_Name: finger_pinky_0_r
  m_TagString: Untagged
  m_Icon: {fileID: 0}
  m_NavMeshLayer: 0
  m_StaticEditorFlags: 0
  m_IsActive: 1
--- !u!4 &3841421138914691065
Transform:
  m_ObjectHideFlags: 0
  m_CorrespondingSourceObject: {fileID: 0}
  m_PrefabInstance: {fileID: 0}
  m_PrefabAsset: {fileID: 0}
  m_GameObject: {fileID: 3841421138914204633}
  m_LocalRotation: {x: 0.0026617285, y: -0.028313821, z: -0.065168865, w: 0.99746895}
  m_LocalPosition: {x: 0.0006285566, y: 1.673586e-10, z: -2.21746e-10}
  m_LocalScale: {x: 1, y: 1, z: 1}
  m_Children:
  - {fileID: 3841421138914691071}
  m_Father: {fileID: 3841421138914691011}
  m_RootOrder: 0
  m_LocalEulerAnglesHint: {x: 0, y: 0, z: 0}
--- !u!1 &3841421138914204635
GameObject:
  m_ObjectHideFlags: 0
  m_CorrespondingSourceObject: {fileID: 0}
  m_PrefabInstance: {fileID: 0}
  m_PrefabAsset: {fileID: 0}
  serializedVersion: 6
  m_Component:
  - component: {fileID: 3841421138914691067}
  m_Layer: 0
  m_Name: finger_middle_r_end
  m_TagString: Untagged
  m_Icon: {fileID: 0}
  m_NavMeshLayer: 0
  m_StaticEditorFlags: 0
  m_IsActive: 1
--- !u!4 &3841421138914691067
Transform:
  m_ObjectHideFlags: 0
  m_CorrespondingSourceObject: {fileID: 0}
  m_PrefabInstance: {fileID: 0}
  m_PrefabAsset: {fileID: 0}
  m_GameObject: {fileID: 3841421138914204635}
  m_LocalRotation: {x: 8.6736174e-19, y: 9.801187e-17, z: 5.551115e-17, w: 1}
  m_LocalPosition: {x: 0.0002589237, y: 9.984198e-10, z: -2.0352909e-11}
  m_LocalScale: {x: 1, y: 1, z: 1}
  m_Children: []
  m_Father: {fileID: 3841421138914691057}
  m_RootOrder: 0
  m_LocalEulerAnglesHint: {x: 0, y: 0, z: 0}
--- !u!1 &3841421138914204637
GameObject:
  m_ObjectHideFlags: 0
  m_CorrespondingSourceObject: {fileID: 0}
  m_PrefabInstance: {fileID: 0}
  m_PrefabAsset: {fileID: 0}
  serializedVersion: 6
  m_Component:
  - component: {fileID: 3841421138914691069}
  m_Layer: 0
  m_Name: finger_pinky_2_r
  m_TagString: Untagged
  m_Icon: {fileID: 0}
  m_NavMeshLayer: 0
  m_StaticEditorFlags: 0
  m_IsActive: 1
--- !u!4 &3841421138914691069
Transform:
  m_ObjectHideFlags: 0
  m_CorrespondingSourceObject: {fileID: 0}
  m_PrefabInstance: {fileID: 0}
  m_PrefabAsset: {fileID: 0}
  m_GameObject: {fileID: 3841421138914204637}
  m_LocalRotation: {x: 0.47275782, y: 0.45731473, z: 0.6303832, w: -0.41228673}
  m_LocalPosition: {x: -0.000098022414, y: -0.00046966047, z: 0.0012079888}
  m_LocalScale: {x: 1, y: 1, z: 1}
  m_Children:
  - {fileID: 3841421138914691015}
  m_Father: {fileID: 3841421138914691039}
  m_RootOrder: 2
  m_LocalEulerAnglesHint: {x: 0, y: 0, z: 0}
--- !u!1 &3841421138914204639
GameObject:
  m_ObjectHideFlags: 0
  m_CorrespondingSourceObject: {fileID: 0}
  m_PrefabInstance: {fileID: 0}
  m_PrefabAsset: {fileID: 0}
  serializedVersion: 6
  m_Component:
  - component: {fileID: 3841421138914691071}
  m_Layer: 0
  m_Name: finger_pinky_1_r
  m_TagString: Untagged
  m_Icon: {fileID: 0}
  m_NavMeshLayer: 0
  m_StaticEditorFlags: 0
  m_IsActive: 1
--- !u!4 &3841421138914691071
Transform:
  m_ObjectHideFlags: 0
  m_CorrespondingSourceObject: {fileID: 0}
  m_PrefabInstance: {fileID: 0}
  m_PrefabAsset: {fileID: 0}
  m_GameObject: {fileID: 3841421138914204639}
  m_LocalRotation: {x: 0.0051353574, y: -0.005432739, z: -0.071684994, w: 0.99739933}
  m_LocalPosition: {x: 0.00029874247, y: -3.982057e-10, z: 8.708328e-10}
  m_LocalScale: {x: 1, y: 1, z: 1}
  m_Children: []
  m_Father: {fileID: 3841421138914691065}
  m_RootOrder: 0
  m_LocalEulerAnglesHint: {x: 0, y: 0, z: 0}
